@article{pal1996ground,
	title={The ground state energy of the Edwards-Anderson Ising spin glass with a hybrid genetic algorithm},
	author={P{\'a}l, K{\'a}roly F},
	journal={Physica A: Statistical Mechanics and its Applications},
	volume={223},
	number={3-4},
	pages={283--292},
	year={1996},
	publisher={Elsevier}
}

@article{newman2023proof,
	title={Proof of single-replica equivalence in short-range spin glasses},
	author={Newman, CM and Read, N and Stein, DL},
	journal={Physical Review Letters},
	volume={130},
	number={7},
	pages={077102},
	year={2023},
	publisher={APS}
}

@article{newman2022ground,
	title={Ground-state stability and the nature of the spin glass phase},
	author={Newman, CM and Stein, DL},
	journal={Physical Review E},
	volume={105},
	number={4},
	pages={044132},
	year={2022},
	publisher={APS}
}

@article{barahona1982computational,
	title={On the computational complexity of Ising spin glass models},
	author={Barahona, Francisco},
	journal={Journal of Physics A: Mathematical and General},
	volume={15},
	number={10},
	pages={3241},
	year={1982},
	publisher={IOP Publishing}
}

@article{perez2012ground,
	title={Ground-state energy and entropy of the two-dimensional Edwards--Anderson spin-glass model with different bond distributions},
	author={Perez-Morelo, DJ and Ramirez-Pastor, AJ and Rom{\'a}, F},
	journal={Physica A: Statistical Mechanics and its Applications},
	volume={391},
	number={4},
	pages={937--947},
	year={2012},
	publisher={Elsevier}
}

@article{farias2024differentiable,
	title={A differentiable programming framework for spin models},
	author={Farias, Tiago S and Schultz, Vitor V and Mombach, Jos{\'e} CM and Maziero, Jonas},
	journal={Computer Physics Communications},
	volume={302},
	pages={109234},
	year={2024},
	publisher={Elsevier}
}

@article{makarova2023canonical,
	title={Canonical Monte Carlo multispin cluster method},
	author={Makarova, Kseniia and Makarov, Aleksandr and Strongin, Vladislav and Titovets, Iuliia and Shevchenko, Yuriy and Kapitan, Vitalii and Rybin, Alexey and Kapitan, Dmitrii and Korol, Alena and Vasiliev, Egor and others},
	journal={Journal of Computational and Applied Mathematics},
	volume={427},
	pages={115153},
	year={2023},
	publisher={Elsevier}
}

@article{lebrecht2004plaquette,
	title={Plaquette distributions for$\pm$J Ising lattices},
	author={Lebrecht, W and Vogel, EE and Cartes, J and Vald{\'e}s, JF},
	journal={Physica A: Statistical Mechanics and its Applications},
	volume={342},
	number={1-2},
	pages={90--96},
	year={2004},
	publisher={Elsevier}
}

@article{valdes2012j,
	title={$\pm$J Ising model on homogeneous Archimedean lattices},
	author={Vald{\'e}s, JF and Lebrecht, W and Vogel, EE},
	journal={Physica A: Statistical Mechanics and its Applications},
	volume={391},
	number={8},
	pages={2585--2599},
	year={2012},
	publisher={Elsevier}
}

@article{lebrecht2015j,
	title={$\pm$J Ising model on D{\"u}rer lattices},
	author={Lebrecht, W and Vald{\'e}s, JF},
	journal={Physica A: Statistical Mechanics and its Applications},
	volume={422},
	pages={89--100},
	year={2015},
	publisher={Elsevier}
}

@book{lacroix2011introduction,
	title={Introduction to frustrated magnetism: materials, experiments, theory},
	author={Lacroix, Claudine and Mendels, Philippe and Mila, Fr{\'e}d{\'e}ric},
	volume={164},
	year={2011},
	publisher={Springer Science \& Business Media}
}

@article{ramirez2004effect,
	title={Effect of the ground-state structure on order parameters in$\pm$J Ising lattices},
	author={Ramirez-Pastor, Antonio Jose and Rom{\'a}, F and Nieto, F and Vogel, EE},
	journal={Physica A: Statistical Mechanics and its Applications},
	volume={336},
	number={3-4},
	pages={454--460},
	year={2004},
	publisher={Elsevier}
}

@article{rosas2004random,
	title={Random-field Ising model on hierarchical lattices: thermodynamics and ground-state critical properties},
	author={Rosas, Alexandre and Coutinho, S{\'e}rgio},
	journal={Physica A: Statistical Mechanics and its Applications},
	volume={335},
	number={1-2},
	pages={115--142},
	year={2004},
	publisher={Elsevier}
}

@article{andriushchenko2019large,
	title={Large peaks in the entropy of the diluted nearest-neighbor spin-ice model on the pyrochlore lattice in a [111] magnetic field},
	author={Andriushchenko, Petr and Soldatov, Konstantin and Peretyatko, Alexey and Shevchenko, Yuriy and Nefedev, Konstantin and Otsuka, Hiromi and Okabe, Yutaka},
	journal={Physical Review E},
	volume={99},
	number={2},
	pages={022138},
	year={2019},
	publisher={APS}
}

@article{jurvcivsinova2024classical,
	title={Classical spin-liquid behavior in interactionally distorted antiferromagnetic spin systems on the kagome lattice},
	author={Jur{\v{c}}i{\v{s}}inov{\'a}, E and Jur{\v{c}}i{\v{s}}in, M},
	journal={Chinese Journal of Physics},
	volume={89},
	pages={1771--1786},
	year={2024},
	publisher={Elsevier}
}

@article{biswas2023energy,
	title={Energy landscapes of spin glasses on triangular Archimedean lattices},
	author={Biswas, Katja},
	journal={Physica A: Statistical Mechanics and its Applications},
	volume={627},
	pages={129133},
	year={2023},
	publisher={Elsevier}
}

@article{zimmer2022role,
	title={Role of frustration in a weakly disordered checkerboard lattice},
	author={Zimmer, F{\'a}bio Mallmann and Silva, Willian Carvalho da and Schmidt, Mateus and Magalhaes, Sergio Garcia},
	journal={Journal of Magnetism and Magnetic Materials},
	volume={554},
	pages={169273},
	year={2022},
	publisher={Elsevier}
}

@article{dias2023ground,
	title={Ground-state phase diagram, magneto-thermodynamic properties and magnetocaloric effect of a frustrated spin-1/2 Ising centred tetrakis hexahedron},
	author={Dias, PF and Niederle, RD and Tadielo, PP and Karl'ov{\'a}, K and Schmidt, M},
	journal={Physica E: Low-dimensional Systems and Nanostructures},
	volume={154},
	pages={115807},
	year={2023},
	publisher={Elsevier}
}

@article{singh2024micromagnetic,
	title={Micromagnetic simulations of emergent monopole defects and magnetization reversal in connected and dipolar Square Artificial Spin Ice},
	author={Singh, Charu and Arroo, Daan M and Ray, Nirat},
	journal={Journal of Magnetism and Magnetic Materials},
	pages={171887},
	year={2024},
	publisher={Elsevier}
}

@article{makarova2021low,
	title={Low-energy states, ground states, and variable frustrations of the finite-size dipolar Cairo lattices},
	author={Makarova, Kseniia and Strongin, Vladislav and Titovets, Iuliia and Syrov, Aleksandr and Zinchenko, Ivan and Samoylov, Victor and Hofhuis, Kevin and Saccone, Michael and Makarov, Aleksandr and Farhan, Alan and others},
	journal={Physical Review E},
	volume={103},
	number={4},
	pages={042129},
	year={2021},
	publisher={APS}
}

@article{finkler1989spin,
	title={Spin glass behaviour of CuAuFe alloys},
	author={Finkler, DK-H and Campbell, SJ and Ferreirinho, J and Wantenaar, GHJ and Gonser, U},
	journal={Journal of magnetism and magnetic materials},
	volume={79},
	number={1},
	pages={88--94},
	year={1989},
	publisher={Elsevier}
}

@article{padalko2021parallel,
	title={Parallel computing of edwards—anderson model},
	author={Padalko, Mikhail Alexandrovich and Shevchenko, Yuriy Andreevich and Kapitan, Vitalii Yurievich and Nefedev, Konstantin Valentinovich},
	journal={Algorithms},
	volume={15},
	number={1},
	pages={13},
	year={2021},
	publisher={MDPI}
}

@article{padalko2021parallel,
	title={Parallel computing of edwards—anderson model},
	author={Padalko, Mikhail Alexandrovich and Shevchenko, Yuriy Andreevich and Kapitan, Vitalii Yurievich and Nefedev, Konstantin Valentinovich},
	journal={Algorithms},
	volume={15},
	number={1},
	pages={13},
	year={2021},
	publisher={MDPI}
}

@article{belokon2006spin,
	title={Spin glass state with finite interaction range in the Ising model},
	author={Belokon, V and Nefedev, K and Savunov, M},
	journal={Solid State Phys},
	volume={48},
	pages={1649--1656},
	year={2006}
}

@article{rybin2022hybrid,
	title={Hybrid Monte Carlo algorithm for studying the Edwards-Anderson model},
	author={Rybin, AE and Kapitan, D Yu and Nefedev, KV and Makarov, AG and Kapitan, V Yu},
	journal={St. Petersburg Politechnic Universtity Journal. Physics and Mathematics.},
	volume={15},
	number={S3. 1},
	pages={82--86},
	year={2022},
}

@inproceedings{karandashev2019global,
	title={Global minimum depth in Edwards-Anderson model},
	author={Karandashev, Iakov and Kryzhanovsky, Boris},
	booktitle={Engineering Applications of Neural Networks: 20th International Conference, EANN 2019, Xersonisos, Crete, Greece, May 24-26, 2019, Proceedings 20},
	pages={391--398},
	year={2019},
	organization={Springer}
}

@article{thouless1977solution,
	title={Solution of'solvable model of a spin glass'},
	author={Thouless, David J and Anderson, Philip W and Palmer, Robert G},
	journal={Philosophical Magazine},
	volume={35},
	number={3},
	pages={593--601},
	year={1977},
	publisher={Taylor \& Francis}
}

@article{tanaka1980analytic,
	title={Analytic theory of the ground state properties of a spin glass. I. Ising spin glass},
	author={Tanaka, F and Edwards, SF},
	journal={Journal of Physics F: Metal Physics},
	volume={10},
	number={12},
	pages={2769},
	year={1980},
	publisher={IOP Publishing}
}

@article{klein1976comparison,
	title={Comparison of the self-consistent mean-random-field approximation with the n→ 0 expansion of Sherrington and Kirkpatrick for spin glasses and with experiment},
	author={Klein, Michael W},
	journal={Physical Review B},
	volume={14},
	number={11},
	pages={5008},
	year={1976},
	publisher={APS}
}

@article{sherrington1975solvable,
	title={Solvable model of a spin-glass},
	author={Sherrington, David and Kirkpatrick, Scott},
	journal={Physical review letters},
	volume={35},
	number={26},
	pages={1792},
	year={1975},
	publisher={APS}
}

@article{kirkpatrick1978infinite,
	title={Infinite-ranged models of spin-glasses},
	author={Kirkpatrick, Scott and Sherrington, David},
	journal={Physical Review B},
	volume={17},
	number={11},
	pages={4384},
	year={1978},
	publisher={APS}
}

@article{palmer1999ground,
	title={Ground states for large samples of two-dimensional Ising spin glasses},
	author={Palmer, RG and Adler, Joan},
	journal={International Journal of Modern Physics C},
	volume={10},
	number={04},
	pages={667--675},
	year={1999},
	publisher={World Scientific}
}

@article{campbell2004energy,
	title={Energy size effects of two-dimensional Ising spin glasses},
	author={Campbell, IA and Hartmann, Alexander K and Katzgraber, Helmut G},
	journal={Physical Review B},
	volume={70},
	number={5},
	pages={054429},
	year={2004},
	publisher={APS}
}

@book{hartmann2002optimization,
	title={Optimization algorithms in physics},
	author={Hartmann, Alexander K and Rieger, Heiko},
	year={2002},
	publisher={Citeseer}
}

@article{roma2009ground,
	title={The ground state energy of the Edwards--Anderson spin glass model with a parallel tempering Monte Carlo algorithm},
	author={Rom{\'a}, F and Risau-Gusman, S and Ramirez-Pastor, Antonio Jose and Nieto, F and Vogel, Eugenio E},
	journal={Physica A: statistical mechanics and its applications},
	volume={388},
	number={14},
	pages={2821--2838},
	year={2009},
	publisher={Elsevier}
}

@article{fan2023searching,
	title={Searching for spin glass ground states through deep reinforcement learning},
	author={Fan, Changjun and Shen, Mutian and Nussinov, Zohar and Liu, Zhong and Sun, Yizhou and Liu, Yang-Yu},
	journal={Nature communications},
	volume={14},
	number={1},
	pages={725},
	year={2023},
	publisher={Nature Publishing Group UK London}
}